@Article{Wirth1989,
  author  = {Н. Вирт},
  journal = {М.: Мир},
  title   = {Алгоритмы и структуры данных},
  year    = {1989},
  pages   = {360},
}

@Article{Cormen2011,
  author  = {Т. Кормен and Ч. Лейзерсон},
  journal = {Вильямс},
  title   = {Алгоритмы: построение и анализ},
  year    = {2011},
  pages   = {46-47},
}

@Article{Sinha2003,
  author = {R.Sinha and J. Zobel},
  title  = {Efficient Trie-Based Sorting of Large Sets of Strings},
  year   = {2003},
}

@Comment{jabref-meta: databaseType:bibtex;}
