@Article{Gantmacher1966,
  author  = {Ф. Р. Гантмахер},
  journal = {Наука},
  title   = {Теория матриц},
  year    = {1966},
  pages   = {8},
}

@Article{Korn1973,
  author  = {Г. Корн and Т. Корн},
  journal = {Наука},
  title   = {Справочник по математике},
  year    = {1973},
  pages   = {392},
}

@Comment{jabref-meta: databaseType:bibtex;}
