@Article{Prytkov2012,
  author  = {В. А. Прытков},
  journal = {Белорусский государственный университет информатики и радиоэлектроники},
  title   = {Функция расстояния между строками на основе кусочно-постоянной модели},
  year    = {2012},
  pages   = {22},
}

@Article{Mosalev2013,
  author  = {П. М. Мосалев},
  journal = {Вестник МГУП имени Ивана Федорова},
  title   = {Обзор методов нечеткого поиска текстовой информации},
  year    = {2013},
  pages   = {87-91},
}

@Article{Voytenko1979,
  author  = {И. Л. Калихман and М. А. Войтенко},
  journal = {Высшая школа},
  title   = {Динамическое программирование в примерах и задачах},
  year    = {1979},
  pages   = {5},
}

@Article{Leschenko2018,
  author  = {А. В. Лещенко},
  journal = {Новосибирский государственный технический университет},
  title   = {Практическое применение алгоритмов нечеткого поиска},
  year    = {2018},
  pages   = {59-69},
}

@Comment{jabref-meta: databaseType:bibtex;}
