@Article{Cormen2011,
  author  = {Т. Кормен and Ч. Лейзерсон},
  journal = {Вильямс},
  title   = {Алгоритмы: построение и анализ},
  year    = {2011},
  pages   = {23-24},
}

@Article{Shpakovskiy2013,
  author  = {Г. И. Шпаковский},
  journal = {Минск},
  title   = {Коротко о параллельном программировании и аппаратуре},
  year    = {2013},
  pages   = {5},
}

@Article{Antonov2002,
  author  = {А. С. Антонов},
  journal = {Московский государственный университет им. М. В. Ломоносова},
  title   = {Введение в параллельные вычисления},
  year    = {2002},
  pages   = {17-18},
}

@book{Cormen2013,
  title     = "Алгоритмы: построение и анализ",
  author    = "Т. Кормен and Ч. Лейзерсон and Р. Ривест and К. Штайн",
  year      = 2013,
  publisher = "Вильямс",
  pages   = {1296},
  edition = {2},
}

@Comment{jabref-meta: databaseType:bibtex;}
